<record><leader>00000cas a2200000 a 4500</leader><controlfield tag="001">31769148</controlfield><controlfield tag="008">950105d19941998ilucr ne      0   a0eng c</controlfield><datafield ind1=" " ind2=" " tag="010"><subfield code="a">sn 95004497 </subfield></datafield><datafield ind1=" " ind2=" " tag="040"><subfield code="a">NSD</subfield><subfield code="b">eng</subfield><subfield code="c">NSD</subfield><subfield code="d">NVF</subfield><subfield code="d">CVF</subfield><subfield code="d">NVF</subfield><subfield code="d">OCLCQ</subfield><subfield code="d">OCLCF</subfield><subfield code="d">GK8</subfield><subfield code="d">COO</subfield></datafield><datafield ind1=" " ind2=" " tag="012"><subfield code="m">1</subfield></datafield><datafield ind1=" " ind2=" " tag="019"><subfield code="a">31806757</subfield></datafield><datafield ind1="1" ind2=" " tag="022"><subfield code="a">1080-3823</subfield><subfield code="l">1080-3823</subfield><subfield code="2">1</subfield></datafield><datafield ind1="1" ind2=" " tag="029"><subfield code="a">AU@</subfield><subfield code="b">000011501452</subfield></datafield><datafield ind1=" " ind2=" " tag="032"><subfield code="a">143540</subfield><subfield code="b">USPS</subfield></datafield><datafield ind1=" " ind2=" " tag="042"><subfield code="a">nsdp</subfield><subfield code="a">pcc</subfield></datafield><datafield ind1=" " ind2=" " tag="043"><subfield code="a">n-us-il</subfield></datafield><datafield ind1=" " ind2="4" tag="222"><subfield code="a">The Wheaton sun</subfield></datafield><datafield ind1="0" ind2="4" tag="245"><subfield code="a">The Wheaton sun.</subfield></datafield><datafield ind1=" " ind2=" " tag="260"><subfield code="a">Naperville, Ill. :</subfield><subfield code="b">Sun Publications,</subfield><subfield code="c">1994-1998.</subfield></datafield><datafield ind1=" " ind2=" " tag="300"><subfield code="a">v.</subfield></datafield><datafield ind1=" " ind2=" " tag="310"><subfield code="a">Semiweekly</subfield></datafield><datafield ind1="0" ind2=" " tag="362"><subfield code="a">Vol. 3, no. 74 (Nov. 30, 1994)-v. 6, no. 14 (Mar. 20, 1998).</subfield></datafield><datafield ind1=" " ind2="0" tag="651"><subfield code="a">Wheaton (Ill.)</subfield><subfield code="v">Newspapers.</subfield></datafield><datafield ind1=" " ind2="7" tag="651"><subfield code="a">Illinois</subfield><subfield code="z">Wheaton.</subfield><subfield code="2">fast</subfield><subfield code="0">(OCoLC)fst01216595</subfield></datafield><datafield ind1=" " ind2="7" tag="655"><subfield code="a">Newspapers.</subfield><subfield code="2">fast</subfield><subfield code="0">(OCoLC)fst01423814</subfield></datafield><datafield ind1=" " ind2=" " tag="752"><subfield code="a">United States</subfield><subfield code="b">Illinois</subfield><subfield code="c">DuPage</subfield><subfield code="d">Naperville.</subfield></datafield><datafield ind1="0" ind2="0" tag="780"><subfield code="t">Journal (Naperville, Ill.)</subfield><subfield code="x">1070-2032</subfield><subfield code="w">(DLC)sn 92055169</subfield><subfield code="w">(OCoLC)26059950</subfield></datafield><datafield ind1="0" ind2="0" tag="785"><subfield code="t">Sun (Plainfield, Ill. : Wheaton ed.)</subfield><subfield code="w">(DLC)sn2002060771</subfield><subfield code="w">(OCoLC)50786998</subfield></datafield></record>